@BOOK{Smith_2012,
	title = {{B}ook {T}itle},
	publisher = {Publisher},
	author = {Smith, J.~M. and Jones, A.~B.},
	year = {2012},
	edition = {7th},
}

@ARTICLE{Smith_2013,
	author = {Jones, A.~B. and Smith, J.~M.},
	title = {{A}rticle {T}itle},
	journal = {{J}ournal {T}itle},
	year = {2013},
	volume = {13},
	pages = {123-456},
	number = {52},
	month = {March},
	publisher = {Publisher}
}

@book{book:probgraphmod,
   title =     {Probabilistic Graphical Models: Principles and Techniques},
   author =    {Daphne Koller, Nir Friedman},
   publisher = {The MIT Press},
   isbn =      {0262013193,9780262013192},
   year =      {2009},
   pages    =  {978-980}
   series =    {Adaptive Computation and Machine Learning series},
   edition =   {1},
   volume =    {},
}